@article{MacPherson1985,
author = {MacPherson, H. G.},
journal = {Nuclear Science and Engineering},
mendeley-groups = {Test},
number = {4},
pages = {374--380},
title = {{The Molten Salt Reactor Adventure}},
volume = {90},
year = {1985}
}

@book{Dolan2017,
author = {Dolan, T.},
isbn = {9780857098511},
publisher = {Woodhead Publishing},
title = {{Molten Salt Reactors and Thorium Energy}},
year = {2017}
}

@article{Serp2014,
author = {Serp, J{\'{e}}r{\^{o}}me and Allibert, Michel and Bene{\v{s}}, Ondřej and Delpech, Sylvie and Feynberg, Olga and Ghetta, V{\'{e}}ronique and Heuer, Daniel and Holcomb, David and Ignatiev, Victor and Kloosterman, Jan Leen and Luzzi, Lelio and Merle-Lucotte, Elsa and Uhl{\'{i}}ř, Jan and Yoshioka, Ritsuo and Zhimin, Dai},
doi = {https://doi.org/10.1016/j.pnucene.2014.02.014},
issn = {0149-1970},
journal = {Progress in Nuclear Energy},
keywords = {Fuel cycle,Gen IV,Molten salt reactor,Neutronic performance,Nuclear systems},
pages = {308--319},
title = {{The Molten Salt Reactor (MSR) in Generation IV: Overview and Perspectives}},
url = {http://www.sciencedirect.com/science/article/pii/S0149197014000456},
volume = {77},
year = {2014}
}


@inproceedings{Lorenz1996,
address = {Lille, France},
author = {Lorenz, F.},
booktitle = {IMACS ESIEE CESA '96 Multiconference},
pages = {1198--1202},
title = {{Modeling Level: A Question of Semantics}},
year = {1996}
}


@techreport{Robertson1971,
author = {Robertson, R. C.},
file = {:C$\backslash$:/Users/terry/Zotero/storage/VM3C9BHQ/Robertson - 1971 - Technical report ORNL-4541.pdf:pdf},
institution = {Oak Ridge National Laboratory},
title = {{ORNL-TM-4541: Conceptual Design Study of a Single-Fluid Molten-Salt Breeder Reactor}},
year = {1971}
}

@techreport{ORNLTM3464,
author = {Engel, J.R. and Steffy, R.C.},
file = {:C$\backslash$:/Users/terry/Zotero/storage/6GY994YN/Engel and Steffy - 1971 - ORNL-TM-3464 Xenon Behavior in the Molten Salt Re.pdf:pdf},
institution = {Oak Ridge National Laboratory},
keywords = {135Xe,MSBR,MSRE,argon,helium,poisoning,processing,sparging,xenon},
title = {{ORNL-TM-3464: Xenon Behavior in the Molten Salt Reactor Experiment}},
year = {1971}
}

@techreport{ORNL4069,
author = {Kedl, R.J. and Houtzeel, A.},
file = {:C$\backslash$:/Users/terry/Zotero/storage/XZRC6QED/Kedl and Houtzeel - 1967 - ORNL-4069 Developent of a Model for Computing Xe-.pdf:pdf},
institution = {Oak Ridge National Laboratory},
keywords = {MSRE,bubbles,krypton,molten salt,poison,xenon},
title = {{ORNL-4069: Development of a Model for Computing 135Xe Migration in the MSRE}},
year = {1967}
}

@misc{OSullivan2015,
author = {O'Sullivan, Rory and Tomlinson, Jasper and Griffiths, Trevor},
title = {{Feasibility study of a pilot scale molten salt reactor demonstration}},
url = {https://inis.iaea.org/search/search.aspx?orig_q=RN:47073846},
year = {2015}
}



@article{Bettis1957,
annote = {https://www.tandfonline.com/doi/full/10.13182/NSE57-A35495},
author = {Bettis, E. S. and Schroeder, R. W. and Cristy, G. A. and Savage, H. W. and Affel, R. G. and Hemphill, L. F.},
file = {:C$\backslash$:/Users/terry/Zotero/storage/AGZLVX36/Bettis et al. - 1957 - The aircraft reactor experiment—operation.pdf:pdf},
journal = {Nuclear Science and Engineering},
number = {6},
pages = {804--825},
title = {{The Aircraft Reactor Experiment—Design and Construction}},
volume = {2},
year = {1957}
}


@techreport{Fraas1956,
author = {Fraas, A and Savolainen, A},
file = {:C$\backslash$:/Users/terry/Zotero/storage/ES7KDK8K/Fraas and Savolainen - 1956 - ORNL-2095 Design Report on the Aircraft Reactor T.pdf:pdf},
publisher = {Oak Ridge National Laboratory},
title = {{ORNL-2095: Design Report on the Aircraft Reactor Test}},
year = {1956}
}

@techreport{ORNL1845,
author = {Cottrell, W.B. and Hungerford, H.E. and Leslie, J.K. and Meerv, J.L.},
file = {:C$\backslash$:/Users/terry/Zotero/storage/FKZHGDLD/Cortell et al. - 1955 - ORNL-1845- Operation of the AIrcraft Reactor Expe.pdf:pdf},
institution = {Oak Ridge National Laboratory},
title = {{ORNL-1845: Operation of the Aircraft Reactor Experiment}},
year = {1955}
}

@techreport{ORNL2536,
author = {Scott, D. and Alwang, G. W. and Demski, E. F. and Fader, W. J. and Sandin, E .V. and Malenfant, R.E.},
file = {:C$\backslash$:/Users/terry/Zotero/storage/WIGF6DDM/Scott et al. - 1958 - A ZERO POWER REFLECTOR-MODERATED REACTOR EXPERIMEN.pdf:pdf},
institution = {Oak Ridge National Laboratory},
language = {English},
title = {{ORNL-2536: A Zero Power Reflector-Moderated Reactor Experiment at Elevated Temperature}},
year = {1958}
}

@techreport{Egen1957,
address = {Oak Ridge National Laboratory},
author = {Egen, W},
file = {:C$\backslash$:/Users/terry/Zotero/storage/UGKTX93M/Egen - 1957 - CF-57-2-130 THe Physics of the Fused-Salt Reactor.pdf:pdf},
title = {{CF-57-2-130: The Physics of the Fused-Salt Reactor Experiment}},
year = {1957}
}

@inproceedings{Forsberg2006,
annote = {http://files/124/Forsberg - 2006 - Molten Salt Reactor Experience Applicable to LS-VH.pdf},
author = {Forsberg, Chris},
booktitle = {LS-VHTR Meeting},
file = {:C$\backslash$:/Users/terry/Zotero/storage/ZQRH6C55/Forsberg - 2006 - Molten Salt Reactor Experience Applicable to LS-VH.pdf:pdf},
publisher = {Oak Ridge National Laboratory},
title = {{Molten Salt Reactor Experience Applicable to LS-VHTR Refueling}},
year = {2006}
}

@techreport{ORNLTM1796,
author = {Engel, J and Prince, B},
file = {:C$\backslash$:/Users/terry/Zotero/storage/9C9YTHKI/Engel and Prince - 1967 - THE REACTIVITY BALANCE IN THE MSRE..pdf:pdf},
institution = {Oak Ridge National Laboratory},
title = {{ORNL-TM-1796: The Reactivity Balance in the MSRE}},
year = {1967}
}

@techreport{ORNL4037,
author = {Briggs, R.B.},
file = {:C$\backslash$:/Users/terry/Zotero/storage/GRSFGM6M/ORNL-4037 Molten-Salt Reactor Program Semiannual .pdf:pdf},
institution = {Oak Ridge National Laboratory},
title = {{ORNL-4037: Molten-Salt Reactor Program Semiannual Progress Report for Period Ending August 31, 1966}},
year = {1967}
}

@techreport{Miller1961,
annote = {http://files/126/Miller - 1961 - Xenon poisoning in molten salt reactors.pdf},
author = {Miller, J W},
file = {:C$\backslash$:/Users/terry/Zotero/storage/CXX4TVMZ/Miller - 1961 - Xenon poisoning in molten salt reactors.pdf:pdf},
institution = {Oak Ridge National Laboratory},
title = {{Xenon Poisoning in Molten Salt Reactors}},
year = {1961}
}

@techreport{ORNLTM3027,
address = {Oak Ridge National Laboratory},
author = {Engel, J and Haubenreich, P and Houtzeel},
file = {:C$\backslash$:/Users/terry/Zotero/storage/3R7YDGFX/Engel et al. - ORNL-TM-3027 Spray, Mist, Bubbles, and Foam in th.pdf:pdf},
title = {{ORNL-TM-3027: Spray, Mist, Bubbles, and Foam in the Molten Salt Reactor Experiment}},
year = {1970}
}

@misc{NobelXe,
author = {{Nobel Media}},
title = {{Nobel Prize Lectures: The Rare Gasses of the Atmosphere}},
url = {https://www.nobelprize.org/nobel_prizes/chemistry/laureates/1904/ramsay-lecture.html},
year = {2018}
}

@book{CRCChemPhy97,
author = {Haynes, W. M.},
file = {:C$\backslash$:/Users/terry/Zotero/storage/RDRZ2APD/Haynes - 2016 - CRC Handbook of Chemistry and Physics, 97th Editio.pdf:pdf},
isbn = {978-1-4987-5429-3},
publisher = {CRC Press},
title = {{CRC Handbook of Chemistry and Physics, 97th Edition}},
year = {2016}
}

@article{Tram06,
author = {Tram{\v{s}}ek, Melita and {\v{Z}}emva, Boris},
file = {:C$\backslash$:/Users/terry/Zotero/storage/FUN4XJGF/Tram{\v{s}}ek and {\v{Z}}emva - 2006 - Synthesis, properties and chemistry of xenon (II) .pdf:pdf},
journal = {Acta Chim. Slov},
pages = {105--116},
title = {{Synthesis, Properties and Chemistry of Xenon (II) Fluoride}},
volume = {53},
year = {2006}
}

@book{Asimov79,
author = {Asimov, I},
file = {:C$\backslash$:/Users/terry/Zotero/storage/2ESARSKG/Asimov - 1979 - A Short History of Chemistry.pdf:pdf},
isbn = {978-0-313-20769-3},
publisher = {Greenwood Press},
title = {{A Short History of Chemistry}},
year = {1979}
}

@book{Mughab12P1,
author = {Mughabghab, S},
publisher = {Elsevier Science},
title = {{Neutron Cross Sections: Neutron Resonance Parameters and Thermal Cross Sections, Part A: Z 1-60}},
year = {2012}
}

@book{Baum2010,
author = {Baum, E.M.},
edition = {16},
file = {:C$\backslash$:/Users/terry/Zotero/storage/N27KRB8G/Baum et al. - 2010 - Nuclides and Isotopes Chart of the Nuclides.pdf:pdf},
publisher = {Knolls Atomic Power Laboratory},
title = {{Nuclides and Isotopes: Chart of the Nuclides}},
year = {2010}
}

@article{Eades16,
author = {Eades, M. J. and Chaleff, E. S. and Venneri, P. F. and Blue, T. E.},
file = {:C$\backslash$:/Users/terry/Zotero/storage/ZCANHPAF/Eades et al. - 2016 - The influence of Xe-135m on steady-state xenon wor.pdf:pdf},
journal = {Progress in Nuclear Energy},
pages = {397--405},
title = {{The Influence of Xe-135m on Steady-State Xenon Worth in Thermal Molten Salt Reactors}},
volume = {93},
year = {2016}
}

@techreport{ORNL3913,
author = {Briggs, R},
file = {:C$\backslash$:/Users/terry/Zotero/storage/DS3Z7M7F/Briggs, R. - 1966 - ORNL-3936 Molten-Salt Reactor Program Semiannual .pdf:pdf},
publisher = {Oak Ridge National Laboratory},
title = {{ORNL-3913: Molten-Salt Reactor Program Semiannual Progress Report For Period Ending February 28,1966}},
year = {1966}
}

@misc{TENDL15,
author = {Koning, A. J. and Rochman, D. and {Van der Marck}, S. and Kopecky, J. and Sublet, J .Ch. and Pomp, S and Sjostrand, H and Forrest, R. and Bauge, E. and Henriksson, H. and Others},
booktitle = {https://tendl.web.psi.ch/tendl_2015/tendl2015.html},
title = {{TENDL-2015: TALYS-Based Evaluated Nuclear Data Library}},
url = {https://tendl.web.psi.ch/tendl_2015/tendl2015.html},
year = {2015},
note = {Note: the absorption cross section plots by clicking on the \textit{PREPRO} link for a chosen isotope}
}



@book{Kaiho14,
author = {Kaiho, T},
file = {:C$\backslash$:/Users/terry/Zotero/storage/LCI2MPAH/Kaiho - 2014 - Iodine Chemistry and Applications.pdf:pdf},
publisher = {Wiley},
title = {{Iodine Chemistry and Applications}},
year = {2014}
}

@techreport{ORNL4865,
author = {Compere, E. L. and Kirslis, S. S. and Bohlmann, E. G. and Blankenship, F. F. and Grimes, W. R.},
file = {:C$\backslash$:/Users/terry/Zotero/storage/YU6URN4B/Compere et al. - 1975 - Fission Product Behavior in the Molten Salt Reacto.pdf:pdf},
institution = {Oak Ridge National Laboratory},
title = {{ORNL-4865: Fission Product Behavior in the Molten Salt Reactor Experiment}},
year = {1975}
}

@article{MacKenzie1963,
author = {MacKenzie, D. R. and {Wiswall Jr}, R.H.},
journal = {Inorganic Chemistry},
number = {5},
pages = {1064},
publisher = {ACS Publications},
title = {{Compound Formation by $\gamma$-Irradiation of Xenon-Fluorine Mixtures}},
volume = {2},
year = {1963}
}

@book{Gaune12,
author = {Gaune-Escard, M},
booktitle = {Nato Science Series II:},
file = {:C$\backslash$:/Users/terry/Documents/sciLib/[NATO Science Series 52] M. P. Tosi (auth.), Marcelle Gaune-Escard (eds.) - Molten Salts{\_} From Fundamentals to Applications (2002, Springer Netherlands)(1).pdf:pdf},
publisher = {Springer Netherlands},
title = {{Molten Salts: From Fundamentals to Applications}},
year = {2012}
}

@book{Lantelme13,
author = {Lantelme, F and Groult, H},
file = {:C$\backslash$:/Users/terry/Documents/sciLib/Frederic Lantelme - Molten salts chemistry{\_} from lab to applications (2013, Elsevier Science Publishi).pdf:pdf},
publisher = {Elsevier Science},
title = {{Molten Salts Chemistry: From Lab to Applications}},
year = {2013}
}

@article{Delpech2010,
author = {Delpech, Sylvie and Cabet, C{\'{e}}line and Slim, Cyrine and Picard, G{\'{e}}rard S.},
file = {:C$\backslash$:/Users/terry/Downloads/1-s2.0-S1369702110702224-main.pdf:pdf},
journal = {Materials Today},
number = {12},
pages = {34--41},
publisher = {Elsevier Ltd},
title = {{Molten Fluorides for Nuclear Applications}},
volume = {13},
year = {2010}
}

@techreport{ORNLTM1070,
author = {Ball, S. and Kerlin, T.},
file = {:C$\backslash$:/Users/terry/Documents/sciLib/ORNL-TM-1070(1).pdf:pdf},
institution = {Oak Ridge National Laboratory},
title = {{ORNL-TM-1070: Stability Analysis of the Molten-Salt Reactor Experiment}},
year = {1965}
}

@inproceedings{Yoder2014,
address = {Charlotte},
author = {Yoder, G.},
booktitle = {Proceedings of ICAPP 2014},
title = {{Examination of Liquid Fluoride Salt Heat Transfer}},
year = {2014}
}

@techreport{ORNLTM2316,
author = {Cantor, S. and Cooke, W. and Dworkin, S. and Robbins, D. and Thoma, E. and Watson, M.},
file = {:C$\backslash$:/Users/terry/Zotero/storage/TD9BZC2K/S. Cantor - 1968 - ORNL-TM-2316 Physical Properties of Molten-Salt R.pdf:pdf},
institution = {Oak Ridge National Laboratory},
title = {{Physical Properties of Molten-Salt Reactor Fuel, Coolant and Flush Salts}},
year = {1968}
}

@techreport{Sohal2010,
author = {Sohal, M. and Ebner, M. and Sabharwall, P. and Sharpe, P.},
file = {:C$\backslash$:/Users/terry/Zotero/storage/DWD897ET/Sohal et al. - 2010 - Engineering Database of Liquid Salt Thermophysical.pdf:pdf},
institution = {Idaho National Laboratory},
title = {{Engineering Database of Liquid Salt Thermophysical and Thermochemical Properties}},
year = {2010}
}

@book{Janz2013,
author = {Janz, G.},
isbn = {978-0-323-14483-4},
publisher = {Elsevier Science},
title = {{Molten Salts Handbook}},
year = {2013}
}

@article{Watson1962,
author = {Watson, G. and {Evans III}, R. and Grimes, W. and Smith, N.},
file = {:C$\backslash$:/Users/terry/Zotero/storage/XC3C8QJX/Watson et al. - 1962 - Solubility of Noble Gases in Molten Fluorides. In .pdf:pdf},
journal = {Journal of Chemical and Engineering Data},
number = {2},
pages = {285--287},
title = {{Solubility of Noble Gases in Molten Fluorides. In LiF-BeF2.}},
volume = {7},
year = {1962}
}

@article{Grimes1958,
author = {Grimes, W. and Smith, N. and Watson, G.},
file = {:C$\backslash$:/Users/terry/Zotero/storage/N4FA7ADH/Grimes et al. - 1958 - Solubility of Noble Gases in Molten Fluorides. I. .pdf:pdf},
journal = {The Journal of Physical Chemistry},
number = {7},
pages = {862--866},
title = {{Solubility of Noble Gases in Molten Fluorides. I. In Mixtures of NaF–ZrF4 (53-47 Mole {\%}) and NaF–ZrF4–UF4 (50–46–4 Mole {\%})}},
volume = {62},
year = {1958}
}

@article{Blander1959,
author = {Blander, M. and Grimes, W. and Smith, N. and Watson, G.},
file = {:C$\backslash$:/Users/terry/Zotero/storage/WA663RUK/Blander et al. - 1959 - Solubility of Noble Gases in Molten Fluorides. II..pdf:pdf},
journal = {The Journal of Physical Chemistry},
number = {7},
pages = {1164--1167},
title = {{Solubility of Noble Gases in Molten Fluorides. II. In the Lif–NaF–LF Eutectic Mixtures}},
volume = {63},
year = {1959}
}

@misc{JENDLFP,
annote = {https://wwwndc.jaea.go.jp/cgi-bin/FPYfig},
title = {{Japan Atomic Energy Agency - Nuclear Data Center - Fission Product Yields}},
url = {https://wwwndc.jaea.go.jp/cgi-bin/FPYfig},
year = {2018}
}


@book{Albright2008,
author = {Albright, L.},
publisher = {Taylor {\&} Francis},
title = {{Albright's Chemical Engineering Handbook}},
year = {2008}
}

@book{Perry2008,
author = {Perry, R and Green, D},
booktitle = {McGraw Hill Professional},
publisher = {McGraw-Hill Education},
title = {{Perry's Chemical Engineers' Handbook, Seventh Edition}},
year = {2008}
}

@article{Fletcher1958,
author = {Fletcher, N.},
file = {:C$\backslash$:/Users/terry/Documents/Mendeley Desktop/Fletcher - 1958 - Size effect in heterogeneous nucleation.pdf:pdf},
journal = {The Journal of chemical physics},
number = {3},
pages = {572--576},
title = {{Size effect in heterogeneous nucleation}},
volume = {29},
year = {1958}
}

@article{Westh1998,
annote = {doi: 10.1021/jp9803541},
author = {Westh, Peter and Haynes, Charles A and Koga, Yoshikata},
file = {:C$\backslash$:/Users/terry/Documents/Mendeley Desktop/Westh, Haynes, Koga - 1998 - How Dilute Is the Henry's Law Region II.pdf:pdf},
journal = {The Journal of Physical Chemistry B},
number = {25},
pages = {4982-4987},
publisher = {American Chemical Society},
title = {{How Dilute Is the Henry's Law Region? II}},
volume = {102},
year = {1998}
}
    
    

@article{Wu2017,
author = {Wu, J. and Guo, C. and Cai, X. and Yu, C. and Zou, C. and Han, J. and Chen, J.},
journal = {Nuclear Engineering and Design},
keywords = {Core burnup,Flow effect,Molten salt reactor},
pages = {318--325},
title = {{Flow effect on I-135 and Xe-135 Evolution Behavior in a Molten Salt Reactor}},
volume = {314},
year = {2017}
}

@misc{Lemmon2002,
author = {Lemmon, E. and Huber, M. and McLinden, M.},
booktitle = {NIST Standard Reference Database},
title = {{NIST Reference Fluid Thermodynamic and Transport Properties—REFPROP}},
url = {https://www.nist.gov/srd/refprop},
volume = {23},
year = {2002}
}

@techreport{ORNLTM378,
author = {Engel, J. and Haubenreich, P.},
institution = {Oak Ridge National Laboratory},
title = {{ORNL-TM-378: Temperature in the MSRE Core During Steady-State Power Operation}},
year = {1962}
}

@book{Firestone96,
author = {Firestone, R. and Shirley, V.},
publisher = {Wiley},
title = {{Table of Isotopes, 8th Edition}},
year = {1996}
}


@misc{Chu1999,
author = {Chu, S. and Ekstr{\"{o}}m, L. and Firestone, R.},
month = {jun},
title = {{The LUND/LBNL nuclear data search, version 2.0, Entry for Xe-135m}},
url = {http://nucleardata.nuclear.lu.se/toi/nuclide.asp?iZA=540435},
year = {1999}
}

@techreport{ORNLTM378,
author = {Engel, J. and Haubenreich, P.},
institution = {Oak Ridge National Laboratory},
title = {{ORNL-TM-378: Temperature in the MSRE Core During Steady-State Power Operation}},
year = {1962}
}

@techreport{ORNL4148,
address = {Oak Ridge National Laboratory},
author = {Malinauskas, A. and Rutherford, J. and Evans, R.},
title = {{ORNL-4148: Gas Transport in MSRE Moderator Graphite. Part 1: Review of Theory and Counterdiffusion Experiments}},
year = {1967}
}

@article{Robbins1993,
author = {Robbins, G. and Wang, S. and Stuart, J.},
file = {:C$\backslash$:/Users/terry/Zotero/storage/4HZ5E7YD/Robbins et al. - 1993 - Using the static headspace method to determine Hen.pdf:pdf},
journal = {Analytical Chemistry},
number = {21},
pages = {3113--3118},
title = {{Using The Static Headspace Method to Setermine Henry's Law Constants}},
volume = {65},
year = {1993}
}

@techreport{ORNLTM378,
author = {Engel, J. and Haubenreich, P.},
file = {:C$\backslash$:/Users/terry/Zotero/storage/F4SWT7ES/ORNL-TM-0378.pdf:pdf},
institution = {Oak Ridge National Laboratory},
title = {{ORNL-TM-378: Temperature in the MSRE Core During Steady-State Power Operation}},
year = {1962}
}

@article{Liu02,
author = {Liu, Q. and Fukuda, K.},
journal = {JSME International Journal Series B Fluids and Thermal Engineering},
number = {3},
pages = {559--564},
title = {{Transient Heat Transfer for Forced Convection Flow of Helium Gas}},
volume = {45},
year = {2002}
}

@misc{QuoraMass,
author = {{Various Quora Users}},
title = {{Which is the best book for studying Mass Transfer?}},
url = {https://www.quora.com/Which-is-the-best-book-for-studying-Mass-Transfer},
urldate = {2018-07-15}
}

@book{Cussler07,
author = {Cussler, E. L.},
booktitle = {Diffusion},
edition = {Third},
file = {:C$\backslash$:/Users/terry/Zotero/storage/ELIND3V9/(Cambridge Series in Chemical Engineering) E. L. Cussler-Diffusion Mass Transfer in Fluid Systems-Cambridge University Press (2009) (2).pdf:pdf},
publisher = {Cambridge University Press},
title = {{Diffusion: Mass Transfer in Fluid Systems}},
year = {2007}
}

@techreport{ORNL4389,
author = {{Evans, R.} and {Rutherford, J.} and Malinauskas, A.},
file = {:C$\backslash$:/Users/terry/Zotero/storage/BN9KK9AE/Evans et al. - 1969 - ORNL-4389 Gas Transport in MSRE Moderator Graphit.pdf:pdf},
institution = {Oak Ridge National Labs},
title = {{ORNL-4389: Gas Transport in the MSRE Moderator Graphite: II. Effects of Impregnation; III. Variation of Flow Properties}},
year = {1969}
}

@book{Muruganant2017,
author = {Muruganant, M. and Chirazi, A. and Raj, B.},
file = {:C$\backslash$:/Users/terry/Documents/Mendeley Desktop/M. Muruganant, Ali Chirazi, Baldev Raj (eds.) - Frontiers in Materials Processing, Applications, Research and Technology{\_} Select Proceed.pdf:pdf},
publisher = {Springer Singapore},
title = {{Frontiers in Materials Processing, Applications, Research and Technology: Select Proceedings of FiMPART 2015}},
year = {2017}
}

@article{Pau90,
author = {Pau, P. and Berg, J. and McMillan, W.},
file = {:C$\backslash$:/Users/terry/Documents/Mendeley Desktop/10.1021@j100369a080.pdf:pdf},
journal = {Journal of Physical Chemistry},
number = {6},
pages = {2671--2679},
title = {{Application of stokes' law to ions in aqueous solution}},
volume = {94},
year = {1990}
}

@techreport{R132,
author = {Svehla, R.},
file = {:C$\backslash$:/Users/terry/Downloads/19630012982.pdf:pdf},
institution = {NASA},
title = {{R-132: Estimated viscosities and thermal conductivities of gases at high temperatures}},
year = {1962}
}

@book{Born13,
author = {Born, M.},
booktitle = {Dover Books on Physics},
file = {:C$\backslash$:/Users/terry/Zotero/storage/VQX9B2DH/Atomic-Physics.djvu:djvu},
publisher = {Dover Publications},
title = {{Atomic Physics: 8th Edition}},
year = {2013}
}

@article{James69,
author = {James, M.},
file = {:C$\backslash$:/Users/terry/Downloads/Journal of Nuclear Energy Volume 23 issue 9 1969 [doi 10.1016{\%}2F0022-3107{\%}2869{\%}2990042-2] M.F. James -- Energy released in fission.pdf:pdf},
journal = {Journal of Nuclear Energy},
pages = {517--536},
title = {{Energy Released in Fission}},
volume = {23},
year = {1969}
}

@misc{  NIST_XE,
author = {Kramida, A. and Ralchenko, Y. and Reader, J.},
title = {{NIST Atomic Spectra Database Ionization Energies Data for Xenon}},
url = {https://physics.nist.gov/cgi-bin/ASD/ie.pl?spectra=Xe{\&}units=1{\&}at{\_}num{\_}out=on{\&}el{\_}name{\_}out=on{\&}seq{\_}out=on{\&}shells{\_}out=on{\&}level{\_}out=on{\&}e{\_}out=0{\&}unc{\_}out=on{\&}biblio=on},
year = {2018}
}

@article{Oberstedt15,
author = {Oberstedt, S and Billnert, R and Gatera, A and Geerts, W and Halipr, P},
file = {:C$\backslash$:/Users/terry/Downloads/local{\_}241898(1).pdf:pdf},
journal = {Physics Procedia},
pages = {83--90},
title = {{Prompt fission $\gamma$ -Ray Spectra Characteristics - a First Summary}},
volume = {64},
year = {2015}
}

@article{Shimazu1977,
author = {Shimazu, Yoichiro},
file = {:C$\backslash$:/Users/terry/Zotero/storage/UBA2SIKS/Shimazu - 1977 - Transient Xenon Analysis in a Molten Salt Breeder .pdf:pdf},
journal = {Journal of Nuclear Science and Technology},
number = {11},
pages = {805--810},
title = {{Transient Xenon Analysis in a Molten Salt Breeder Reactor}},
volume = {14},
year = {1977}
}

@techreport{Robertson65,
author = {Robertson, R},
file = {:C$\backslash$:/Users/terry/Zotero/storage/LJD8VGZM/Robertson - 1965 - ORNL-TM-0728 MSRE Design and Operations Report.pdf:pdf},
publisher = {Oak Ridge National Laboratory},
title = {{ORNL-TM-0728: MSRE Design and Operations Report}},
year = {1965}
}

@book{Glicksman2016,
author = {Glicksman, L R and Lienhard, J H},
isbn = {9781316531174},
publisher = {Cambridge University Press},
title = {{Modeling and Approximation in Heat Transfer}},
year = {2016}
}

@book{Bear2012,
author = {Bear, J. and Bachmat, Y.},
booktitle = {Theory and Applications of Transport in Porous Media},
isbn = {978-94-009-1926-6},
publisher = {Springer Netherlands},
title = {{Introduction to Modeling of Transport Phenomena in Porous Media}},
year = {2012}
}

@techreport{Burch1962,
author = {Burch, W.},
file = {:C$\backslash$:/Users/terry/Downloads/4829656.pdf:pdf},
pages = {`},
title = {{ORNL-TM-228: Measurement of Xenon Poisoning in the HRT}},
year = {1962}
}

@article{Salzano1962    ,
author = {Salzano, Frank J. and Eshaya, Allen M.},
doi = {10.13182/NSE62-A25361},
file = {:C$\backslash$:/Users/terry/Downloads/Sorption of Xenon in High Density Graphite at High Temperatures.pdf:pdf},
issn = {0029-5639},
journal = {Nuclear Science and Engineering},
number = {1},
pages = {1--3},
title = {{Sorption of Xenon in High Density Graphite at High Temperatures}},
volume = {12},
year = {1962}
}

@article{Cannon1962,
author = {Cannon, M C and Grimes, W R and Ward, W T and Watson, G M},
doi = {10.13182/NSE62-A25362},
journal = {Nuclear Science and Engineering},
number = {1},
pages = {4--9},
title = {{Adsorption of Xenon and Argon on Graphite}},
volume = {12},
year = {1962}
}

@book{Goodwin2003,
author = {Goodwin, A and Marsh, K N and Wakeham, W A},
isbn = {9780080531441},
publisher = {Elsevier Science},
series = {Experimental Thermodynamics},
title = {{Measurement of the Thermodynamic Properties of Single Phases}},
year = {2003}
}
